<record><leader>00000cas a22000007a 4500</leader><controlfield tag="001">12728772</controlfield><controlfield tag="008">851028d18691876nyuwr ne      0    0eng d</controlfield><datafield ind1=" " ind2=" " tag="010"><subfield code="a">sn 85026897 </subfield></datafield><datafield ind1=" " ind2=" " tag="040"><subfield code="a">NPX</subfield><subfield code="b">eng</subfield><subfield code="c">NPX</subfield><subfield code="d">NYS</subfield><subfield code="d">OCLCQ</subfield><subfield code="d">NYS</subfield><subfield code="d">OCLCQ</subfield></datafield><datafield ind1=" " ind2=" " tag="042"><subfield code="a">msc</subfield></datafield><datafield ind1="0" ind2=" " tag="130"><subfield code="a">Chenango telegraph (Norwich, N.Y. : 1869)</subfield></datafield><datafield ind1="1" ind2="4" tag="245"><subfield code="a">The Chenango telegraph.</subfield></datafield><datafield ind1="1" ind2="3" tag="246"><subfield code="a">Telegraph</subfield></datafield><datafield ind1=" " ind2=" " tag="260"><subfield code="a">Norwich, Chenango County, N.Y. :</subfield><subfield code="b">Kingsley &amp; Berry</subfield></datafield><datafield ind1=" " ind2=" " tag="300"><subfield code="a">v. ;</subfield><subfield code="c">60 cm.</subfield></datafield><datafield ind1=" " ind2=" " tag="310"><subfield code="a">Weekly</subfield></datafield><datafield ind1="0" ind2=" " tag="362"><subfield code="a">Vol. 41, no. 1 (Mar. 10, 1869)-v. 48, no. 44 (Dec. 28, 1876).</subfield></datafield><datafield ind1=" " ind2=" " tag="500"><subfield code="a">Publishers: Kingsley &amp; Berry, &lt;1869&gt;; Berry &amp; Allen, &lt;1871&gt;; B. Gage Berry &amp; Co., &lt;1876&gt;.</subfield></datafield><datafield ind1=" " ind2=" " tag="500"><subfield code="a">Editor: B. Gage Berry, &lt;1876&gt;.</subfield></datafield><datafield ind1=" " ind2=" " tag="500"><subfield code="a">"Republican."</subfield></datafield><datafield ind1=" " ind2="4" tag="651"><subfield code="a">Norwich (N.Y.)</subfield><subfield code="v">Newspapers.</subfield></datafield><datafield ind1=" " ind2=" " tag="752"><subfield code="a">United States</subfield><subfield code="b">New York</subfield><subfield code="c">Chenango</subfield><subfield code="d">Norwich.</subfield></datafield><datafield ind1="0" ind2="0" tag="780"><subfield code="t">Telegraph &amp; chronicle</subfield><subfield code="w">(DLC)sn 85026896</subfield><subfield code="w">(OCoLC)12728841</subfield></datafield><datafield ind1="0" ind2="0" tag="785"><subfield code="t">Chenango semi-weekly telegraph</subfield><subfield code="w">(DLC)sn 87070075</subfield><subfield code="w">(OCoLC)16003210</subfield></datafield><datafield ind1="1" ind2=" " tag="029"><subfield code="a">AU@</subfield><subfield code="b">000024692299</subfield></datafield></record>